<record><leader>00000cas a2200000 i 4500</leader><controlfield tag="001">8804664</controlfield><controlfield tag="008">820924d18191821ctuwr ne      0   a0eng  </controlfield><datafield ind1=" " ind2=" " tag="010"><subfield code="a">sn 82015182 </subfield></datafield><datafield ind1=" " ind2=" " tag="040"><subfield code="a">DLC</subfield><subfield code="b">eng</subfield><subfield code="e">rda</subfield><subfield code="c">DLC</subfield><subfield code="d">NPX</subfield><subfield code="d">NPA</subfield><subfield code="d">NPI</subfield><subfield code="d">DLC</subfield><subfield code="d">KNP</subfield><subfield code="d">YOX</subfield><subfield code="d">MGN</subfield><subfield code="d">KNP</subfield><subfield code="d">CNW</subfield><subfield code="d">DLC</subfield><subfield code="d">NVK</subfield><subfield code="d">DLC</subfield><subfield code="d">OBN</subfield><subfield code="d">OCL</subfield><subfield code="d">CVF</subfield><subfield code="d">DLC</subfield><subfield code="d">NYS</subfield><subfield code="d">KRTAS</subfield><subfield code="d">DLC</subfield><subfield code="d">OCLCQ</subfield><subfield code="d">OCLCF</subfield><subfield code="d">DLC</subfield><subfield code="d">HUL</subfield><subfield code="d">IUL</subfield></datafield><datafield ind1="1" ind2=" " tag="022"><subfield code="a">2574-481X</subfield><subfield code="l">2574-481X</subfield><subfield code="2">1</subfield></datafield><datafield ind1=" " ind2=" " tag="042"><subfield code="a">pcc</subfield><subfield code="a">nsdp</subfield></datafield><datafield ind1=" " ind2=" " tag="043"><subfield code="a">n-us-ct</subfield></datafield><datafield ind1="0" ind2="0" tag="050"><subfield code="a">Newspaper</subfield></datafield><datafield ind1="0" ind2=" " tag="130"><subfield code="a">Litchfield republican (Litchfield, Conn. : 1819)</subfield></datafield><datafield ind1=" " ind2="0" tag="222"><subfield code="a">Litchfield republican</subfield></datafield><datafield ind1="1" ind2="0" tag="245"><subfield code="a">Litchfield republican.</subfield></datafield><datafield ind1="3" ind2="0" tag="246"><subfield code="a">Republican</subfield></datafield><datafield ind1=" " ind2="1" tag="264"><subfield code="a">Litchfield, Con. :</subfield><subfield code="b">I. Bunce</subfield></datafield><datafield ind1=" " ind2=" " tag="300"><subfield code="a">volumes.</subfield></datafield><datafield ind1=" " ind2=" " tag="310"><subfield code="a">Weekly</subfield></datafield><datafield ind1=" " ind2=" " tag="336"><subfield code="a">text</subfield><subfield code="b">txt</subfield><subfield code="2">rdacontent</subfield></datafield><datafield ind1=" " ind2=" " tag="337"><subfield code="a">unmediated</subfield><subfield code="b">n</subfield><subfield code="2">rdamedia</subfield></datafield><datafield ind1=" " ind2=" " tag="338"><subfield code="a">volume</subfield><subfield code="b">nc</subfield><subfield code="2">rdacarrier</subfield></datafield><datafield ind1="1" ind2=" " tag="362"><subfield code="a">Began May 12, 1819; ceased between June 11 and July 21, 1821.</subfield></datafield><datafield ind1="4" ind2=" " tag="510"><subfield code="a">Brigham, C.S. Early American newspapers</subfield><subfield code="c">p. 33</subfield></datafield><datafield ind1=" " ind2=" " tag="530"><subfield code="a">Available on microfilm from Readex Microprint Corp.</subfield></datafield><datafield ind1=" " ind2=" " tag="588"><subfield code="a">Description based on: Vol. I, no. 2 (May 19, 1819); title from masthead, Readex, America's Historical Newspapers (viewed October 30, 2017).</subfield></datafield><datafield ind1=" " ind2=" " tag="588"><subfield code="a">Latest issue consulted: Vol. III, no. 109 (June 11, 1921); Readex, America's Historical Newspapers (viewed October 30, 2017).</subfield></datafield><datafield ind1=" " ind2="0" tag="651"><subfield code="a">Litchfield (Conn.)</subfield><subfield code="v">Newspapers.</subfield></datafield><datafield ind1=" " ind2="0" tag="651"><subfield code="a">Litchfield County (Conn.)</subfield><subfield code="v">Newspapers.</subfield></datafield><datafield ind1=" " ind2="7" tag="651"><subfield code="a">Connecticut</subfield><subfield code="z">Litchfield.</subfield><subfield code="2">fast</subfield><subfield code="0">(OCoLC)fst01224866</subfield></datafield><datafield ind1=" " ind2="7" tag="651"><subfield code="a">Connecticut</subfield><subfield code="z">Litchfield County.</subfield><subfield code="2">fast</subfield><subfield code="0">(OCoLC)fst01211989</subfield></datafield><datafield ind1=" " ind2="7" tag="655"><subfield code="a">Newspapers.</subfield><subfield code="2">fast</subfield><subfield code="0">(OCoLC)fst01423814</subfield></datafield><datafield ind1=" " ind2=" " tag="752"><subfield code="a">United States</subfield><subfield code="b">Connecticut</subfield><subfield code="c">Litchfield</subfield><subfield code="d">Litchfield.</subfield></datafield><datafield ind1="0" ind2="0" tag="780"><subfield code="t">Litchfield journal (Litchfield, Conn.)</subfield><subfield code="x">2574-4798</subfield><subfield code="w">(DLC)sn 84022695</subfield><subfield code="w">(OCoLC)10535095</subfield></datafield><datafield ind1="0" ind2="0" tag="785"><subfield code="t">Miscellany (Litchfield, Conn.)</subfield><subfield code="x">2574-4828</subfield><subfield code="w">(DLC)sn 90065034</subfield><subfield code="w">(OCoLC)21249387</subfield></datafield><datafield ind1="4" ind2="1" tag="856"><subfield code="u">http://infoweb.newsbank.com/?db=EANX&amp;s_browseRef=decades/109DD8443B410588/all.xml</subfield></datafield><datafield ind1=" " ind2=" " tag="938"><subfield code="a">Kirtas Technologies, Inc.</subfield><subfield code="b">KRTS</subfield><subfield code="n">736034</subfield></datafield><datafield ind1="1" ind2=" " tag="029"><subfield code="a">AU@</subfield><subfield code="b">000020333511</subfield></datafield></record>